@article{GEM, 
    author={F. Radenovic and G. Tolias and O. Chum},
    title="Fine-tuning CNN Image Retrieval with No Human Annotation",
    journal="TPAMI",
    year="2018"
}

@ARTICLE{NETVLAD, 
    author={R. Arandjelovic and P. Gronat and A. Torii and T. Pajdla and J. Sivic},
    title="NetVLAD: CNN architecture for weakly supervised place recognition",
    journal="TPAMI",
    year="2018"
}
@article{CRN,
author = {Jin Kim, Hyo and Dunn, Enrique and Frahm, Jan-Michael},
title = {Learned Contextual Feature Reweighting for Image Geo-Localization},
booktitle = {Proceedings of the IEEE Conference on Computer Vision and Pattern Recognition (CVPR)},
year = {2017},
journal={CVPR}
}
@article{resnet,
      title={Deep Residual Learning for Image Recognition}, 
      author={Kaiming He and Xiangyu Zhang and Shaoqing Ren and Jian Sun},
      year={2016},
      eprint={1512.03385},
      archivePrefix={arXiv},
      primaryClass={cs.CV},
      journal={CVPR}
}
@inproceedings{st_lucia,
	address = {Brisbane},
	author = {Warren, Michael and McKinnon, D. and He, H. and Upcroft, Ben},
	booktitle = {Australasian Conference on Robotics and Automation},
	editor = {Wyeth, Gordon and Upcroft, Ben},
	keywords = {Stereo vision,computer vision,dataset,field robotics,visual odometry},
	mendeley-tags = {computer vision,field robotics,visual odometry},
	publisher = {Australian Robotics and Automation Association},
	title = {{Unaided stereo vision based pose estimation}},
	url = {http://eprints.qut.edu.au/39881/},
	year = {2010}
	}

@misc{atrous,
    title={Rethinking Atrous Convolution for Semantic Image Segmentation}, 
    author={Liang-Chieh Chen and George Papandreou and Florian Schroff and Hartwig Adam},
    year={2017},
    eprint={1706.05587},
    archivePrefix={arXiv},
    primaryClass={cs.CV}
}
@misc{VGG,
      title={Very Deep Convolutional Networks for Large-Scale Image Recognition}, 
      author={Karen Simonyan and Andrew Zisserman},
      year={2015},
      eprint={1409.1556},
      archivePrefix={arXiv},
      primaryClass={cs.CV}
}
@INPROCEEDINGS{VLAD,  
    author={Jégou, Hervé and Douze, Matthijs and Schmid, Cordelia and Pérez, Patrick},  
    booktitle={2010 IEEE Computer Society Conference on Computer Vision and Pattern Recognition},   
    title={Aggregating local descriptors into a compact image representation},   
    year={2010},  volume={},  number={},  pages={3304-3311},  
    doi={10.1109/CVPR.2010.5540039}
}
@article{SIFT,
  author          = {David Lowe},
  journal         = {International Journal of Computer Vision},
  number          = {60},
  title           = {Distinctive Image Features from Scale-Invariant Key-points},
  year            = {2004},
  pages           = {91}
}
@article{SURF,
  author          = {Herbert Bay and Andreas Ess and Tinne Tuytelaars and Luc Van Gool},
  journal         = {Computer Vision and Image Understanding},
  number          = {110},
  title           = {Speeded-up robust features (SURF)},
  volume          = {110},
  year            = {2008},
  pages           = {346-359}
}
@article{RootSift,
  author          = {Relja Arandjelovic and Andrew Zisserman},
  title           = {All about VLAD},
  year            = {2013}, 
  month           = {june},
  pages           = {1578-1585}
}
@article{3D,
  author          = {Paul-Edouard Sarlin and Cesar Cadena and Roland Siegwart and Marcin Dymczyk},
  title           = {From Coarse to Fine: Robust Hierarchical Localization at Large Scale},
  year            = {2018},
  eprint          = {812.03506},
  archivePrefix   = {arXiv}
}